<record><leader>00000cas a22000007a 4500</leader><controlfield tag="001">13895115</controlfield><controlfield tag="008">860717d19571964paudr ne      0    0eng d</controlfield><datafield ind1=" " ind2=" " tag="010"><subfield code="a">sn 87080144 </subfield></datafield><datafield ind1=" " ind2=" " tag="040"><subfield code="a">NPH</subfield><subfield code="b">eng</subfield><subfield code="c">NPH</subfield><subfield code="d">OCLCQ</subfield></datafield><datafield ind1=" " ind2=" " tag="042"><subfield code="a">msc</subfield></datafield><datafield ind1="0" ind2="0" tag="245"><subfield code="a">Erie morning news.</subfield></datafield><datafield ind1="3" ind2="0" tag="246"><subfield code="a">Erie times-news</subfield></datafield><datafield ind1=" " ind2=" " tag="260"><subfield code="a">Erie, Pa. :</subfield><subfield code="b">Times Pub. Co.,</subfield><subfield code="c">1957-1964.</subfield></datafield><datafield ind1=" " ind2=" " tag="300"><subfield code="a">9 v. :</subfield><subfield code="b">ill. ;</subfield><subfield code="c">59 cm.</subfield></datafield><datafield ind1=" " ind2=" " tag="310"><subfield code="a">Daily</subfield></datafield><datafield ind1="0" ind2=" " tag="362"><subfield code="a">Vol. 1, no. 1 (Jan. 7, 1957)-v. 9, no. 152 (July 6, 1964).</subfield></datafield><datafield ind1=" " ind2=" " tag="500"><subfield code="a">Issued jointly on Sun. with: Erie daily times, as: Erie times-news, Jan. 13, 1957-1964.</subfield></datafield><datafield ind1=" " ind2=" " tag="752"><subfield code="a">United States</subfield><subfield code="b">Pennsylvania</subfield><subfield code="c">Erie</subfield><subfield code="d">Erie.</subfield></datafield><datafield ind1="0" ind2="0" tag="780"><subfield code="t">Erie dispatch-herald</subfield><subfield code="w">(DLC)sn 87078352</subfield></datafield><datafield ind1="0" ind2="0" tag="785"><subfield code="t">Morning news (Erie, Pa.)</subfield><subfield code="w">(DLC)sn 86083387</subfield></datafield></record>